% This is a BibTeX file of papers published by the Hratchian Group at the
% University of California, Merced. The file also includes BibTeX entries for
% Hrant Hratchian's publications appearing before starting at UC Merced in
% 2013.
%

@article{h2017_jcp:104301,
author = {Thompson, Lee M and Jarrold, Caroline C and Hratchian, Hrant P},
title = {{Explaining the MoVO$_4^-$ photoelectron spectrum: Rationalization of geometric and electronic structure}},
journal = {J. Chem. Phys.},
year = {2017},
volume = {146},
number = {10},
pages = {104301},
month = mar
}

@article{h2016_jctc:4925,
author = {Petrone, Alessio and Cimino, Paola and Donati, Greta and Hratchian, Hrant P and Frisch, Michael J and Rega, Nadia},
title = {{On the Driving Force of the Excited-State Proton Shuttle in the Green Fluorescent Protein: A Time-Dependent Density Functional Theory (TD-DFT) Study of the Intrinsic Reaction Path}},
journal = {J Chem Theory Comput},
year = {2016},
volume = {12},
number = {10},
pages = {4925--4933},
month = sep
}

@article{h2016_jcp:204117,
author = {Thompson, Lee M and Harb, Hassan and Hratchian, Hrant P},
title = {{Natural ionization orbitals for interpreting electron detachment processes}},
journal = {J. Chem. Phys.},
year = {2016},
volume = {144},
number = {20},
pages = {204117},
month = may
}

@article{h2016_jcc:861,
author = {Presti, Davide and Labat, Fr{\'e}d{\'e}ric and Pedone, Alfonso and Frisch, Michael J and Hratchian, Hrant P and Ciofini, Ilaria and Cristina Menziani, Maria and Adamo, Carlo},
title = {{Modeling emission features of salicylidene aniline molecular crystals: A QM/QM{\textquoteright} approach}},
journal = {J Comput Chem},
year = {2016},
volume = {37},
number = {9},
pages = {861--870},
month = apr
}

@article{h2016_ac:1404,
author = {Cummings, Steven and Hratchian, Hrant P and Reed, Christopher A},
title = {{The Strongest Acid: Protonation of Carbon Dioxide}},
journal = {Angewandte Chemie},
year = {2016},
volume = {128},
number = {4},
pages = {1404--1408},
month = jan
}

@article{h2015_jpca:8744,
author = {Thompson, Lee M and Hratchian, Hrant P},
title = {{Modeling the Photoelectron Spectra of MoNbO$_2^-$ Accounting for Spin Contamination in Density Functional Theory}},
journal = {J Phys Chem A},
year = {2015},
volume = {119},
number = {32},
pages = {8744--8751},
month = aug
}

@article{h2015_jcp:054106,
author = {Thompson, Lee M and Hratchian, Hrant P},
title = {{Second derivatives for approximate spin projection methods}},
journal = {J. Chem. Phys.},
year = {2015},
volume = {142},
number = {5},
pages = {054106},
month = feb
}

@article{h2014_jctc:5577,
author = {Presti, Davide and Labat, Fr{\'e}d{\'e}ric and Pedone, Alfonso and Frisch, Michael J and Hratchian, Hrant P and Ciofini, Ilaria and Menziani, Maria Cristina and Adamo, Carlo},
title = {{Computational Protocol for Modeling Thermochromic Molecular Crystals: Salicylidene Aniline As a Case Study}},
journal = {J Chem Theory Comput},
year = {2014},
volume = {10},
number = {12},
pages = {5577--5585},
month = dec
}

@article{h2014_jcp:034108,
author = {Thompson, Lee M and Hratchian, Hrant P},
title = {{Spin projection with double hybrid density functional theory}},
journal = {J. Chem. Phys.},
year = {2014},
volume = {141},
number = {3},
pages = {034108},
month = jul
}

@article{h2013_jcp:164708,
author = {Gamoke, Benjamin C and Das, Ujjal and Hratchian, Hrant P and Raghavachari, Krishnan},
title = {{Divalent pseudoatoms for modeling Si(100) surfaces}},
journal = {J. Chem. Phys.},
year = {2013},
volume = {139},
number = {16},
pages = {164708},
month = oct
}

@article{h2013_jcp:101101,
author = {Hratchian, Hrant P},
title = {{An efficient analytic gradient theory for approximate spin projection methods}},
journal = {J. Chem. Phys.},
year = {2013},
volume = {138},
number = {10},
pages = {101101--101101--4},
month = mar
}

@article{h2013_jctc:1481,
author = {Hratchian, Hrant P and Kraka, Elfi},
title = {{Improved Predictor{\textendash}Corrector Integrators For Evaluating Reaction Path Curvature}},
journal = {J Chem Theory Comput},
year = {2013},
volume = {9},
number = {3},
pages = {1481--1488},
month = feb
}

@article{h2012_jctc:4853,
author = {Hratchian, Hrant P and Li, Xiaosong},
title = {{Thirty Years of Geometry Optimization in Quantum Chemistry and Beyond: A Tribute to Berny Schlegel}},
journal = {J Chem Theory Comput},
year = {2012},
volume = {8},
number = {12},
pages = {4853--4855},
month = dec
}

@article{h2012_jctc:5013,
author = {Hratchian, Hrant P},
title = {{Using Efficient Predictor-Corrector Reaction Path Integrators for Studies Involving Projected Frequencies}},
journal = {J Chem Theory Comput},
year = {2012},
volume = {8},
number = {12},
pages = {5013--5019},
month = jun
}

@article{h2012_jcp:019902,
author = {Hratchian, Hrant P and Krukau, Aliaksandr V. and Parandekar, Priya V and Frisch, Michael J and Raghavachari, Krishnan},
title = {{Erratum: {\textquotedblleft}QM:QM embedding using electronic densities within an ONIOM framework: Energies and analytic gradients{\textquotedblright} [J. Chem. Phys. 135, 014105 (2011)]}},
journal = {J. Chem. Phys.},
year = {2012},
volume = {136},
number = {1},
pages = {019902--019902--2}
}

@article{h2011_jpcc:4297,
author = {Labat, Fr{\'e}d{\'e}ric and Ciofini, Ilaria and Hratchian, Hrant P and Frisch, Michael J and Raghavachari, Krishnan and Adamo, Carlo},
title = {{Insights into Working Principles of Ruthenium Polypyridyl Dye-Sensitized Solar Cells from First Principles Modeling}},
journal = {J. Phys. Chem. C},
year = {2011},
volume = {115},
number = {10},
pages = {4297--4306},
month = mar
}

@article{h2011_jcp:204103,
author = {Hratchian, Hrant P and Frisch, Michael J},
title = {{Integrating Steepest-Descent Reaction Pathways for Large Molecules}},
journal = {J. Chem. Phys.},
year = {2011},
volume = {134},
number = {20},
pages = {204103}
}

@article{h2011_jcp:014105,
author = {Hratchian, Hrant P and Krukau, Aliaksandr V. and Parandekar, Priya V and Frisch, Michael J and Raghavachari, Krishnan},
title = {{QM:QM Embedding Using Electronic Densities Within an ONIOM Framework: Energies and Analytic Gradients}},
journal = {J. Chem. Phys.},
year = {2011},
volume = {135},
number = {1},
pages = {014105}
}

@article{h2010_jcp:224101,
author = {Hratchian, Hrant P and Frisch, Michael J and Schlegel, H Bernhard},
title = {{Steepest descent reaction path integration using a first-order predictor-corrector method.}},
journal = {J. Chem. Phys.},
year = {2010},
volume = {133},
number = {22},
pages = {224101},
month = dec
}

@article{h2010_jcp:114107,
author = {Mayhall, Nicholas J and Raghavachari, Krishnan and Hratchian, Hrant P},
title = {{ONIOM-based QM:QM electronic embedding method using L{\"o}wdin atomic charges: energies and analytic gradients.}},
journal = {J. Chem. Phys.},
year = {2010},
volume = {132},
number = {11},
pages = {114107},
month = mar
}

@article{h2009_jacs:14290,
author = {Labat, Fr{\'e}d{\'e}ric and Ciofini, Ilaria and Hratchian, Hrant P and Frisch, Michael J and Raghavachari, Krishnan and Adamo, Carlo},
title = {{First principles modeling of eosin-loaded ZnO films: a step toward the understanding of dye-sensitized solar cell performances.}},
journal = {J. Am. Chem. Soc.},
year = {2009},
volume = {131},
number = {40},
pages = {14290--14298},
month = oct
}

@article{h2009_eic,
author = {Sonnenberg, J L and Schlegel, H B and Hratchian, H P},
title = {{Spin Contamination in Inorganic Chemistry Calculations}},
year = {2009}
}

@article{h2008_jcp:145101,
author = {Parandekar, Priya V and Hratchian, Hrant P and Raghavachari, Krishnan},
title = {{Applications and assessment of QM:QM electronic embedding using generalized asymmetric Mulliken atomic charges.}},
journal = {J. Chem. Phys.},
year = {2008},
volume = {129},
number = {14},
pages = {145101},
month = oct
}

@article{h2008_jcp:034107,
author = {Hratchian, Hrant P and Parandekar, Priya V and Raghavachari, Krishnan and Frisch, Michael J and Vreven, Thom},
title = {{QM:QM electronic embedding using Mulliken atomic charges: energies and analytic gradients in an ONIOM framework.}},
journal = {J. Chem. Phys.},
year = {2008},
volume = {128},
number = {3},
pages = {034107},
month = jan
}

@article{h2007_ic:9808,
author = {Shakya, Rajendra and Hindo, Sarmad Sahiel and Wu, Libo and Allard, Marco M and Heeg, Mary Jane and Hratchian, Hrant P and McGarvey, Bruce R and Da Rocha, Sandro R P and Verani, Cl{\'a}udio N},
title = {{Archetypical modeling and amphiphilic behavior of cobalt(II)-containing soft-materials with asymmetric tridentate ligands.}},
journal = {Inorg Chem},
year = {2007},
volume = {46},
number = {23},
pages = {9808--9818},
month = nov
}

@article{h2007_chemEurJ:9948,
author = {Shakya, Rajendra and Hindo, Sarmad Sahiel and Wu, Libo and Ni, Suolong and Allard, Marco and Heeg, Mary Jane and Da Rocha, Sandro R P and Yee, Gordon T and Hratchian, Hrant P and Verani, Cl{\'a}udio N},
title = {{Amphiphilic and magnetic properties of a new class of cluster-bearing [L2Cu4(mu4-O)(mu2-carboxylato)4] soft materials.}},
journal = {Chemistry},
year = {2007},
volume = {13},
number = {35},
pages = {9948--9956}
}

@article{h2006_daltron:2517,
author = {Shakya, Rajendra and Imbert, Camille and Hratchian, Hrant P and Lanznaster, Mauricio and Heeg, Mary Jane and McGarvey, Bruce R and Allard, Marco and Schlegel, H Bernhard and Verani, Cl{\'a}udio N},
title = {{Structural, spectroscopic, and electrochemical behavior of trans-phenolato cobalt(III) complexes of asymmetric NN'O ligands as archetypes for metallomesogens.}},
journal = {Dalton Trans},
year = {2006},
number = {21},
pages = {2517--2525},
month = jun
}

@article{h2006_pccp:1371,
author = {Knox, John E and Halls, Mathew D and Hratchian, Hrant P and Schlegel, H Bernhard},
title = {{Chemical failure modes of AlQ3-based OLEDs: AlQ3 hydrolysis.}},
journal = {Phys Chem Chem Phys},
year = {2006},
volume = {8},
number = {12},
pages = {1371--1377},
month = mar
}

@article{h2006_jpcb:3336,
author = {Herbert, Holly Elizabeth and Halls, Mathew D and Hratchian, Hrant P and Raghavachari, Krishnan},
title = {{Hydrogen-bonding interactions in peptide nucleic acid and deoxyribonucleic acid: a comparative study.}},
journal = {J Phys Chem B},
year = {2006},
volume = {110},
number = {7},
pages = {3336--3343},
month = feb
}

@article{h2006_ic:955,
author = {Lanznaster, Mauricio and Hratchian, Hrant P and Heeg, Mary Jane and Hryhorczuk, Lew M and McGarvey, Bruce R and Schlegel, H Bernhard and Verani, Cl{\'a}udio N},
title = {{Structural and Electronic Behavior of Unprecedented Five-Coordinate Iron(III) and Gallium(III) Complexes with a New Phenol-Rich Electroactive Ligand}},
journal = {Inorg Chem},
year = {2006},
volume = {45},
number = {3},
pages = {955--957},
month = feb
}

@article{h2005_ic:7414,
author = {Imbert, Camille and Hratchian, Hrant P and Lanznaster, Mauricio and Heeg, Mary Jane and Hryhorczuk, Lew M and McGarvey, Bruce R and Schlegel, H Bernhard and Verani, Cl{\'a}udio N},
title = {{Influence of Ligand Rigidity and Ring Substitution on the Structural and Electronic Behavior of Trivalent Iron and Gallium Complexes with Asymmetric Tridentate Ligands}},
journal = {Inorg Chem},
year = {2005},
volume = {44},
number = {21},
pages = {7414--7422},
month = oct
}

@article{h2005_jpca:8579,
author = {Hratchian, Hrant P and Sonnenberg, Jason L and Hay, P Jeffrey and Martin, Richard L and Bursten, Bruce E and Schlegel, H Bernhard},
title = {{Theoretical Investigation of Uranyl Dihydroxide: Oxo Ligand Exchange, Water Catalysis, and Vibrational Spectra}},
journal = {J Phys Chem A},
year = {2005},
volume = {109},
number = {38},
pages = {8579--8586},
month = sep
}

@article{h2005_theochem:45,
author = {Hratchian, H P and Milletti, M C},
title = {{First Principles Determination of $^{99}$Ru Chemical Shifts Using Moderately Sized Basis Sets}},
journal = {J Mol Struc-Theochem},
year = {2005},
volume = {724},
number = {1-3},
pages = {45--52},
month = jan
}

@article{h2005_jctc:61,
author = {Hratchian, H P and Schlegel, H B},
title = {{Using Hessian Updating to Increase the Efficiency of a Hessian Based Predictor-Corrector Reaction Path Following Method}},
journal = {J Chem Theory Comput},
year = {2005},
volume = {1},
number = {1},
pages = {61--69},
month = jan
}

@article{h2005_tacc:195,
author = {Hratchian, H P and Schlegel, H B},
title = {{Finding Minima, Transition States, and Following Reaction Pathways on Ab Initio Potential Energy Surfaces}},
journal = {Theory and applications of computational chemistry: the first forty years},
year = {2005},
pages = {195}
}

@article{h2004_jcp:9918,
author = {Hratchian, Hrant P and Schlegel, H Bernhard},
title = {{Accurate Reaction Paths Using a Hessian Based Predictor-Corrector Integrator}},
journal = {J. Chem. Phys.},
year = {2004},
volume = {120},
number = {21},
pages = {9918--9924},
month = jun
}

@article{h2004_chrom:329,
author = {Knox, J E and Hratchian, H P and Trease, N and Struble, J and Schlegel, H B and Holmes, H L S},
title = {{Using Stationary Points on Potential Energy Surfaces to Model Intermolecular Interactions and Retention in Gas Chromatography}},
journal = {Chromatographia},
year = {2004},
volume = {59},
number = {5-6},
pages = {329--334},
month = jan
}

@article{h2004_organomet:4636,
author = {Hratchian, H P and Chowdhury, S K and Gutierrez-Garcia, V M and Amarasinghe, K K D and Heeg, M J and Schlegel, H B and Montgomery, J},
title = {{Combined Experimental and Computational Investigation of the Mechanism of Nickel-Catalyzed Three-Component Addition Processes}},
journal = {Organometallics},
year = {2004},
volume = {23},
number = {20},
pages = {4636--4646},
month = jan
}

@article{h2002_jpca:165,
author = {Hratchian, H P and Schlegel, H B},
title = {{Following Reaction Pathways Using a Damped Classical Trajectory Algorithm}},
journal = {J Phys Chem A},
year = {2002},
volume = {106},
number = {1},
pages = {165--169},
month = jan
}

@article{h2001_poly:209,
author = {Hratchian, H P and Prendergast, T and Milletti, M C},
title = {{Theoretical Investigation of Substituent Effects on the Silicon-Metal Bond for a Series of Transition Metal-Substituted Base-Stabilized Silylene Complexes}},
journal = {Polyhedron},
year = {2001},
volume = {20},
number = {3-4},
pages = {209--213},
month = jan
}
